<?xml version="1.0" encoding="UTF-8"?><collection xmlns="http://www.loc.gov/MARC21/slim"><record><leader>00568nam--2200193-i-4500</leader><controlfield tag="001">000001816</controlfield><controlfield tag="002">20161230</controlfield><controlfield tag="005">20161230201024</controlfield><controlfield tag="008">060222s1000------------r-----000-0-eng-d</controlfield><datafield ind1=" " ind2=" " tag="040"><subfield code="a">IFIN-HH</subfield></datafield><datafield ind1=" " ind2=" " tag="080"><subfield code="a">539.141</subfield></datafield><datafield ind1="1" ind2=" " tag="100"><subfield code="a">Fraga, Serafin</subfield></datafield><datafield ind1="1" ind2="0" tag="245"><subfield code="a">Many-electron systems: properties and interactions</subfield><subfield code="c">Serafin fraga, gulzari malli</subfield></datafield><datafield ind1=" " ind2=" " tag="260"><subfield code="a">Philadelphia</subfield><subfield code="b">W.B.Saunders Company</subfield><subfield code="c">1968</subfield></datafield><datafield ind1=" " ind2=" " tag="300"><subfield code="a">XVI + 196 P</subfield></datafield><datafield ind1=" " ind2=" " tag="490"><subfield code="a">Studies In Physics And Chemistry</subfield><subfield code="v">Number 7</subfield></datafield><datafield ind1="1" ind2=" " tag="700"><subfield code="a">Malli, Gulzari</subfield></datafield><datafield ind1=" " ind2=" " tag="852"><subfield code="a">28520</subfield><subfield code="c">539.14</subfield></datafield><datafield ind1=" " ind2=" " tag="CAT"><subfield code="a">Sys</subfield><subfield code="c">20120327</subfield><subfield code="h">105710</subfield></datafield></record></collection>